@incollection{elwert2013graphical,
  title={Graphical causal models},
  author={Elwert, Felix},
  booktitle={Handbook of causal analysis for social research},
  pages={245--273},
  year={2013},
  publisher={Springer}
}

@article{gamella2020active,
  title={Active invariant causal prediction: Experiment selection through stability},
  author={Gamella, Juan L and Heinze-Deml, Christina},
  journal={Advances in Neural Information Processing Systems},
  volume={33},
  pages={15464--15475},
  year={2020}
}

@article{10.1145/3636423,
author = {Cheng, Debo and Li, Jiuyong and Liu, Lin and Liu, Jixue and Le, Thuc Duy},
title = {Data-Driven Causal Effect Estimation Based on Graphical Causal Modelling: A Survey},
year = {2024},
issue_date = {May 2024},
publisher = {Association for Computing Machinery},
address = {New York, NY, USA},
volume = {56},
number = {5},
issn = {0360-0300},
url = {https://doi.org/10.1145/3636423},
doi = {10.1145/3636423},
journal = {ACM Comput. Surv.},
month = {jan},
articleno = {127},
numpages = {37},
keywords = {instrumental variable, latent confounders, causal effect estimation, graphical causal model, causality, Causal inference}
}

@article{sharma2021dowhy,
  title={Dowhy: Addressing challenges in expressing and validating causal assumptions},
  author={Sharma, Amit and Syrgkanis, Vasilis and Zhang, Cheng and K{\i}c{\i}man, Emre},
  journal={arXiv preprint arXiv:2108.13518},
  year={2021}
}

@ARTICLE{7097740,
  author={Zhang, Qin and Geng, Shichao},
  journal={IEEE Transactions on Reliability}, 
  title={Dynamic Uncertain Causality Graph Applied to Dynamic Fault Diagnoses of Large and Complex Systems}, 
  year={2015},
  volume={64},
  number={3},
  pages={910-927},
  keywords={Hidden Markov models;Indexes;Logic gates;Probabilistic logic;Markov processes;Uncertainty;Bayes methods;Fault diagnosis;dynamic;probabilistic reasoning;uncertainty;causality},
  doi={10.1109/TR.2015.2416332}}


@article{liang2021normalized,
  title={Normalized multivariate time series causality analysis and causal graph reconstruction},
  author={Liang, X San},
  journal={Entropy},
  volume={23},
  number={6},
  pages={679},
  year={2021},
  publisher={MDPI}
}

@INPROCEEDINGS{9218193,
  author={Fischbach, Jannik and Hauptmann, Benedikt and Konwitschny, Lukas and Spies, Dominik and Vogelsang, Andreas},
  booktitle={2020 IEEE 28th International Requirements Engineering Conference (RE)}, 
  title={Towards Causality Extraction from Requirements}, 
  year={2020},
  volume={},
  number={},
  pages={388-393},
  keywords={Natural languages;Neural networks;Training;Testing;Requirements engineering;Complexity theory;Buildings},
  doi={10.1109/RE48521.2020.00053}}


@inproceedings{10.5555/2073796.2073813,
author = {Dash, Denver and Druzdzel, Marek J.},
title = {A hybrid anytime algorithm for the construction of causal models from sparse data},
year = {1999},
isbn = {1558606149},
publisher = {Morgan Kaufmann Publishers Inc.},
address = {San Francisco, CA, USA},
booktitle = {Proceedings of the Fifteenth Conference on Uncertainty in Artificial Intelligence},
pages = {142–149},
numpages = {8},
location = {Stockholm, Sweden},
series = {UAI'99}
}

@article{rohrer2018thinking,
  title={Thinking clearly about correlations and causation: Graphical causal models for observational data},
  author={Rohrer, Julia M},
  journal={Advances in methods and practices in psychological science},
  volume={1},
  number={1},
  pages={27--42},
  year={2018},
  publisher={Sage Publications Sage CA: Los Angeles, CA}
}

@inproceedings{10.5555/2074284.2074334,
author = {Pearl, Judea and Dechter, Rina},
title = {Identifying independencies in causal graphs with feedback},
year = {1996},
isbn = {155860412X},
publisher = {Morgan Kaufmann Publishers Inc.},
address = {San Francisco, CA, USA},
abstract = {We show that the d-separation criterion constitutes a valid test for conditional independence relationships that are induced by feedback systems involving discrete variables.},
booktitle = {Proceedings of the Twelfth International Conference on Uncertainty in Artificial Intelligence},
pages = {420–426},
numpages = {7},
location = {Portland, OR},
series = {UAI'96}
}

@article{dong2014modeling,
  title={A modeling and probabilistic reasoning method of dynamic uncertain causality graph for industrial fault diagnosis},
  author={Dong, Chun-Ling and Zhang, Qin and Geng, Shi-Chao},
  journal={International Journal of Automation and Computing},
  volume={11},
  number={3},
  pages={288--298},
  year={2014},
  publisher={Springer}
}

@article{chindelevitch2012assessing,
  title={Assessing statistical significance in causal graphs},
  author={Chindelevitch, Leonid and Loh, Po-Ru and Enayetallah, Ahmed and Berger, Bonnie and Ziemek, Daniel},
  journal={BMC bioinformatics},
  volume={13},
  pages={1--14},
  year={2012},
  publisher={Springer}
}

@article{HU2013439,
title = {Software project risk analysis using Bayesian networks with causality constraints},
journal = {Decision Support Systems},
volume = {56},
pages = {439-449},
year = {2013},
issn = {0167-9236},
doi = {https://doi.org/10.1016/j.dss.2012.11.001},
url = {https://www.sciencedirect.com/science/article/pii/S0167923612003338},
author = {Yong Hu and Xiangzhou Zhang and E.W.T. Ngai and Ruichu Cai and Mei Liu},
keywords = {Software project risk analysis, Bayesian networks, Causality analysis, Knowledge discovery, Expert knowledge constraint},
}

@Inbook{Pearl1995,
author="Pearl, Judea",
editor="Coletti, Giulianella
and Dubois, Didier
and Scozzafava, Romano",
title="From Bayesian Networks to Causal Networks",
bookTitle="Mathematical Models for Handling Partial Knowledge in Artificial Intelligence",
year="1995",
publisher="Springer US",
address="Boston, MA",
pages="157--182",
isbn="978-1-4899-1424-8",
doi="10.1007/978-1-4899-1424-8_9",
url="https://doi.org/10.1007/978-1-4899-1424-8_9"
}


@article{williams2018directed,
  title={Directed acyclic graphs: a tool for causal studies in paediatrics},
  author={Williams, Thomas C and Bach, Cathrine C and Matthiesen, Niels B and Henriksen, Tine B and Gagliardi, Luigi},
  journal={Pediatric research},
  volume={84},
  number={4},
  pages={487--493},
  year={2018},
  publisher={Nature Publishing Group US New York}
}

@INPROCEEDINGS{7321183,
  author={Carroll, Carson and Falessi, Davide and Forney, Vanessa and Frances, Alexa and Izurieta, Clemente and Seaman, Carolyn},
  booktitle={2015 ACM/IEEE International Symposium on Empirical Software Engineering and Measurement (ESEM)}, 
  title={A Mapping Study of Software Causal Factors for Improving Maintenance}, 
  year={2015},
  volume={},
  number={},
  pages={1-4},
  keywords={Maintenance engineering;Complexity theory;Software engineering;Measurement;Software maintenance;Software systems},
  doi={10.1109/ESEM.2015.7321183}}

@ARTICLE{6644251,
  author={Jaber, Khaled and Sharif, Bonita and Liu, Chang},
  journal={IEEE Access}, 
  title={A Study on the Effect of Traceability Links in Software Maintenance}, 
  year={2013},
  volume={1},
  number={},
  pages={726-741},
  keywords={Teamwork;Unified modeling language;Business;Software systems;Maintenance engineering;Software engineering;empirical study;traceability links;software maintenance},
  doi={10.1109/ACCESS.2013.2286822}}


@article{wu2019employing,
  title={Employing knowledge on causal relationship to assist multidisciplinary design optimization},
  author={Wu, Di and Coatanea, Eric and Wang, G Gary},
  journal={Journal of Mechanical Design},
  volume={141},
  number={4},
  pages={041402},
  year={2019},
  publisher={American Society of Mechanical Engineers}
}

@inproceedings{10.1145/3492321.3519575,
author = {Iqbal, Md Shahriar and Krishna, Rahul and Javidian, Mohammad Ali and Ray, Baishakhi and Jamshidi, Pooyan},
title = {Unicorn: reasoning about configurable system performance through the lens of causality},
year = {2022},
isbn = {9781450391627},
publisher = {Association for Computing Machinery},
address = {New York, NY, USA},
url = {https://doi.org/10.1145/3492321.3519575},
doi = {10.1145/3492321.3519575},
booktitle = {Proceedings of the Seventeenth European Conference on Computer Systems},
pages = {199–217},
numpages = {19},
keywords = {performance optimization, performance modeling, performance debugging, counterfactual reasoning, configurable systems, causal inference},
location = {Rennes, France},
series = {EuroSys '22}
}

@InProceedings{10.1007/978-3-030-59152-6_19,
author="Ibrahim, Amjad
and Pretschner, Alexander",
editor="Hung, Dang Van
and Sokolsky, Oleg",
title="From Checking to Inference: Actual Causality Computations as Optimization Problems",
booktitle="Automated Technology for Verification and Analysis",
year="2020",
publisher="Springer International Publishing",
address="Cham",
pages="343--359",
isbn="978-3-030-59152-6"
}


@INPROCEEDINGS{6848128,
  author={Chen, Pengfei and Qi, Yong and Zheng, Pengfei and Hou, Di},
  booktitle={IEEE INFOCOM 2014 - IEEE Conference on Computer Communications}, 
  title={CauseInfer: Automatic and distributed performance diagnosis with hierarchical causality graph in large distributed systems}, 
  year={2014},
  volume={},
  number={},
  pages={1887-1895},
  keywords={Measurement;Ports (Computers);Computer bugs;Buildings;Software;Protocols;Correlation},
  doi={10.1109/INFOCOM.2014.6848128}}


@ARTICLE{485846,
  author={Raynal, M. and Singhal, M.},
  journal={Computer}, 
  title={Logical time: capturing causality in distributed systems}, 
  year={1996},
  volume={29},
  number={2},
  pages={49-56},
  keywords={Distributed computing;Clocks;Communication networks;Delay;Inference algorithms;Algorithm design and analysis;System recovery;Synchronization;Programming profession;Process design},
  doi={10.1109/2.485846}}


@inproceedings{10.1145/3377811.3380377,
author = {Johnson, Brittany and Brun, Yuriy and Meliou, Alexandra},
title = {Causal testing: understanding defects' root causes},
year = {2020},
isbn = {9781450371216},
publisher = {Association for Computing Machinery},
address = {New York, NY, USA},
url = {https://doi.org/10.1145/3377811.3380377},
doi = {10.1145/3377811.3380377},
pages = {87–99},
numpages = {13},
keywords = {Holmes, automated test generation, causal testing, causality, software debugging, test fuzzing, theory of counterfactual causality},
location = {Seoul, South Korea},
series = {ICSE '20}
}

@article{10.1145/3635709,
author = {Giamattei, Luca and Guerriero, Antonio and Pietrantuono, Roberto and Russo, Stefano},
title = {Causality-driven Testing of Autonomous Driving Systems},
year = {2024},
issue_date = {March 2024},
publisher = {Association for Computing Machinery},
address = {New York, NY, USA},
volume = {33},
number = {3},
issn = {1049-331X},
url = {https://doi.org/10.1145/3635709},
doi = {10.1145/3635709},
journal = {ACM Trans. Softw. Eng. Methodol.},
month = {mar},
articleno = {74},
numpages = {35},
keywords = {Self-driving cars, autonomous vehicles, AI testing, search-based software testing, causal reasoning}
}

@inproceedings{10.1145/3318464.3389694,
author = {Fariha, Anna and Nath, Suman and Meliou, Alexandra},
title = {Causality-Guided Adaptive Interventional Debugging},
year = {2020},
isbn = {9781450367356},
publisher = {Association for Computing Machinery},
address = {New York, NY, USA},
url = {https://doi.org/10.1145/3318464.3389694},
doi = {10.1145/3318464.3389694},
booktitle = {Proceedings of the 2020 ACM SIGMOD International Conference on Management of Data},
pages = {431–446},
numpages = {16},
keywords = {concurrency bug, group testing, root-causing, trace analysis},
location = {Portland, OR, USA},
series = {SIGMOD '20}
}

@inproceedings{kazman2017causal,
  title={Causal modeling, discovery, \& inference for software engineering},
  author={Kazman, Rick and Stoddard, Robert and Danks, David and Cai, Yuanfang},
  booktitle={2017 IEEE/ACM 39th International Conference on Software Engineering Companion (ICSE-C)},
  pages={172--174},
  year={2017},
  organization={IEEE}
}

@INPROCEEDINGS{10197835,
  author={Chadbourne, Patrick and Eisty, Nasir U.},
  booktitle={2023 IEEE/ACIS 21st International Conference on Software Engineering Research, Management and Applications (SERA)}, 
  title={Applications of Causality and Causal Inference in Software Engineering}, 
  year={2023},
  volume={},
  number={},
  pages={47-52},
  keywords={Location awareness;Systematics;Statistical analysis;Bibliographies;Cognition;Software;Question answering (information retrieval);causal inference;causal reasoning;causality graph;software engineering;systematic literature review},
  doi={10.1109/SERA57763.2023.10197835}}
